% This file was created with JabRef 2.10.
% Encoding: Cp1252


@Article{Askvall1985,
  Title                    = {Computer supported reading vs. reading text on paper: A comparison of two reading situations},
  Author                   = {S. Askvall},
  Journal                  = {International Journal on Man-Machine Studies},
  Year                     = {1985},
  Number                   = {22},
  Pages                    = {425-439},
  Volume                   = {4}
}

@Book{Card1983,
  Title                    = {The psychology of human-computer interaction},
  Author                   = {S. K. Card and T. P. Moran and A. Newell},
  Publisher                = {Erlbaum},
  Year                     = {1983}
}

@Webpage{HiG:Website,
  Title                    = {HiG Website},
  Author                   = {HiG},
  Url             				 = {http://www.hig.no},
  LastChecked							 = {Jan. 2012},
  Year                     = {2010}
}

@InProceedings{Lancaster1985,
  Title                    = {Electronic publication and its impact on the presentation of information},
  Author                   = {F. W. Lancaster and A. Warner},
  Booktitle                = {The technology of text: Principles for structuring, designing, and displaying text},
  Year                     = {1985},
  Editor                   = {D. H. Jonassen},
  Pages                    = {292-309},
  Publisher                = {Educational Technology Publications}
}

@Webpage{Meldon1997,
  Title                    = {Reading from the web},
  Author                   = {W. Meldon},
  Url											 = {http://www.mit.edu/compsci/humanfactors/report9734.html},
  LastChecked              = {Nov. 2010},
  Year                     = {1997}
}


@Webpage{BallBouncer,
  Title                    = {Ballbouncer},
  Year                     = {2009},
  Author                   = {Jana Sieber},
  URL					             = {http://www.ballbouncer.org},
  Month                    = {March},
  Owner                    = {simonm},
  Timestamp                = {2010.05.18}
}

@Webpage{NTNUMaster,
  Title                    = {Directions for the Master's Thesis at the {D}epartment of {C}omputer {S}cience and {M}edia {T}echnology, {\NTNU}},
  Url                      = {http://www.ntnu.no/},
  LastChecked              = {15.5.2013}
}


@Game{Halo,
  Title                    = {Halo},
	Year			= {2003},
	publisher =	{Microsoft},
	developer = {Bungie Studios},
  Url                      = {http://www.halo.com/},
  LastChecked              = {15.5.2013}
}

@comment{jabref-entrytype: Webpage: req[url;year] opt[LastChecked]}
@comment{jabref-entrytype: Game: req[title;publisher;year] opt[Url;developer;level;LastChecked]}

