% Encoding: UTF-8

@Book{Alley1996,
  title =     {The craft of scientific writing},
  publisher = {Springer Science \& Business Media},
  year =      {1996},
  author =    {Michael Alley},
  owner =     {KnutLucas},
  timestamp = {2015.12.17}
}

@Book{Bishop2006,
  title =     {Pattern Recognition and machine learning},
  publisher = {Springer},
  year =      {2006},
  author =    {Bishop, Christopher M},
  isbn =      {978-0-387-31073-2},
  owner =     {KnutLucas},
  place =     {New York},
  timestamp = {2015.12.17}
}

@Article{ChangLin2011,
  author =  {Chang, Chih-Chung and Lin, Chih-Jen},
  title =   {{LIBSVM}: A library for support vector machines},
  journal = {ACM Transactions on Intelligent Systems and Technology},
  year =    {2011},
  volume =  {2},
  pages =   {27:1--27:27},
  note =    {Software available at \url{http://www.csie.ntu.edu.tw/~cjlin/libsvm}},
  issue =   {3}
}

@Webpage{CommunityWiki2016,
  url =          {http://meta.stackexchange.com/questions/7237/how-does-reputation-work},
  year =         {2016},
  author =       {CommunityWiki},
  howpublished = {\url{http://meta.stackexchange.com/questions/7237/how-does-reputation-work}},
  journal =      {Meta.stackexchange.com},
  title =        {How does "Reputation" work?},
  urldate =      {5.4.2016}
}

@Webpage{CommunityWiki2016a,
  url =          {http://meta.stackexchange.com/questions/10582/what-is-a-closed-or-on-hold-question},
  year =         {2016},
  author =       {CommunityWiki},
  howpublished = {\url{http://meta.stackexchange.com/questions/10582/what-is-a-closed-or-on-hold-question}},
  journal =      {Meta.stackexchange.com},
  title =        {What is a "closed" or "on hold" question?},
  urldate =      {5.4.2016}
}

@Book{DudaHartStork2001,
  title =     {Pattern classification},
  publisher = {Wiley-Interscience},
  year =      {2001},
  author =    {Duda, Richard O and Hart, Peter E and Stork, David G},
  isbn =      {978-0-471-05669-0},
  owner =     {KnutLucas},
  place =     {New York},
  timestamp = {2015.12.17}
}

@Book{KononenkoKukar2007,
  title =     {Machine learning and data mining: introduction to principles and algorithms},
  publisher = {Woodhead publishing},
  year =      {2007},
  author =    {Kononenko, Igor and Kukar, Matja{\v{z}}},
  isbn =      {978-1-904275-21-3},
  owner =     {KnutLucas},
  timestamp = {2015.12.17}
}

@Misc{Lezina2013,
  author =       {C Galina E. Lezina and Artem M. Kuznetsov},
  title =        {Predict Closed Questions on StackOverflow},
  howpublished = {\url{http://citeseerx.ist.psu.edu/viewdoc/summary?doi=10.1.1.394.5678}},
  year =         {2013},
  note =         {{Last Accessed: 25.09.2015}},
  url =          {http://citeseerx.ist.psu.edu/viewdoc/summary?doi=10.1.1.394.5678}
}

@Book{ManningRaghavanSchuetzeEtAl2008,
  title =     {Introduction to information retrieval},
  publisher = {Cambridge University Press},
  year =      {2008},
  author =    {Manning, Christopher D and Raghavan, Prabhakar and Sch{\"u}tze, Hinrich and others},
  volume =    {1},
  isbn =      {978-0521865715},
  owner =     {KnutLucas},
  place =     {New York},
  timestamp = {2015.12.18}
}

@Book{Mitchell1997,
  title =     {Machine learning},
  publisher = {WCB/McGraw-Hill},
  year =      {1997},
  author =    {Mitchell, Tom M},
  isbn =      {978-0-07-042807-2},
  owner =     {KnutLucas},
  place =     {New York},
  timestamp = {2015.12.17}
}

@InProceedings{Movshovitz-AttiasMovshovitz-AttiasSteenkisteEtAl2013,
  author =       {Movshovitz-Attias, Dana and Movshovitz-Attias, Yair and Steenkiste, Peter and Faloutsos, Christos},
  title =        {Analysis of the reputation system and user contributions on a question answering website: Stackoverflow},
  booktitle =    {Advances in Social Networks Analysis and Mining (ASONAM), 2013 IEEE/ACM International Conference on},
  year =         {2013},
  pages =        {886--893},
  organization = {IEEE},
  owner =        {KnutLucas},
  timestamp =    {2015.12.18}
}

@Article{PedregosaVaroquauxGramfortEtAl2011,
  author =  {Pedregosa, F. and Varoquaux, G. and Gramfort, A. and Michel, V. and Thirion, B. and Grisel, O. and Blondel, M. and Prettenhofer, P. and Weiss, R. and Dubourg, V. and Vanderplas, J. and Passos, A. and Cournapeau, D. and Brucher, M. and Perrot, M. and Duchesnay, E.},
  title =   {Scikit-learn: Machine Learning in {P}ython},
  journal = {Journal of Machine Learning Research},
  year =    {2011},
  volume =  {12},
  pages =   {2825--2830}
}

@Book{RussellNorvig2013,
  title =     {Artificial Intelligence: A Modern Approach},
  publisher = {Pearson Education},
  year =      {2013},
  author =    {Russell, Stuart J. and Norvig, Peter},
  edition =   {3},
  isbn =      {978-1292024202},
  place =     {Harlow}
}

@Webpage{Spolsky2008,
  url =          {http://www.joelonsoftware.com/items/2008/09/15.html},
  year =         {2008},
  author =       {Joel Spolsky},
  howpublished = {\url{http://www.joelonsoftware.com/items/2008/09/15.html}},
  title =        {Stack Overflow Launches},
  urldate =      {6.5.2016}
}

@Webpage{StackExchange2016,
  url =     {https://archive.org/details/stackexchange},
  year =    {2016},
  author =  {StackExchange, Inc.},
  journal = {Internet Archive},
  title =   {Stack Exchange Data Dump},
  urldate = {5.4.2016}
}

@Webpage{Stackoverflow.com2016,
  url =          {http://stackoverflow.com/help/badges},
  year =         {2016},
  author =       {Stackoverflow.com},
  howpublished = {\url{http://stackoverflow.com/help/badges}},
  title =        {Badges},
  urldate =      {5.4.2016}
}

@Webpage{Stackoverflow.com2016a,
  url =          {http://stackoverflow.com/help/closed-questions},
  year =         {2016},
  author =       {Stackoverflow.com},
  howpublished = {\url{http://stackoverflow.com/help/closed-questions}},
  title =        {What does it mean if a question is "closed" or "on hold"?},
  urldate =      {5.4.2016}
}

@Webpage{Stackoverflow.com2016b,
  url =          {http://stackoverflow.com/help/whats-reputation},
  year =         {2016},
  author =       {Stackoverflow.com},
  howpublished = {\url{http://stackoverflow.com/help/whats-reputation}},
  title =        {What is reputation? How do I earn (and lose) it?},
  urldate =      {5.4.2016}
}

@Webpage{Stackoverflow.com2016c,
  url =          {http://stackoverflow.com/help/on-topic},
  year =         {2016},
  author =       {Stackoverflow.com},
  howpublished = {\url{http://stackoverflow.com/help/on-topic}},
  title =        {What topics can I ask about here?},
  urldate =      {5.4.2016}
}

@Webpage{Stackoverflow.com2016d,
  url =          {http://stackoverflow.com/help/dont-ask},
  year =         {2016},
  author =       {Stackoverflow.com},
  howpublished = {\url{http://stackoverflow.com/help/dont-ask}},
  title =        {What types of questions should I avoid asking?},
  urldate =      {5.4.2016}
}

@Webpage{Stackoverflow.com2016e,
  url =          {http://stackoverflow.com/questions/ask/advice?},
  year =         {2016},
  author =       {Stackoverflow.com},
  howpublished = {\url{http://stackoverflow.com/questions/ask/advice?}},
  title =        {How to Ask},
  urldate =      {5.4.2016}
}

@Book{TheodoridisKoutroumbas2009,
  title =     {Pattern Recognition},
  publisher = {Academic Press (Elsevier)},
  year =      {2009},
  author =    {Theodoridis, Sergios and Koutroumbas, Konstantinos},
  isbn =      {978-1-59749-272-0},
  owner =     {KnutLucas},
  place =     {Burlington, MA},
  timestamp = {2015.12.17}
}

@InProceedings{Treude2011,
  author =    {Treude, C. and Barzilay, O. and Storey, M.},
  title =     {How do programmers ask and answer questions on the web? (NIER track)},
  booktitle = {Software Engineering (ICSE), 2011 33\textsuperscript{rd} International Conference on},
  year =      {2011},
  pages =     {804--807},
  month =     may,
  doi =       {10.1145/1985793.1985907},
  issn =      {0270-5257},
  keywords =  {Internet;Web sites;software engineering;NIER track;Q&A websites;question and answer;social media;software development; stack overflow;Documentation;Encoding;Knowledge engineering;Media;Programming;Software;USA Councils;q&a;questions;social media;stack overflow},
  owner =     {KnutLucas},
  timestamp = {2015.12.13}
}

@comment{jabref-entrytype: Webpage: req[url;year] opt[LastChecked]}
